@online{comparison,
title = {Porovnanie existujúcich riešení : 
\url{http://www.networkworld.com/reviews/2010/112210-netresults.html}
},
author = {Networkworld},
year = {2014},
month = {Marec},
}

@online{filesystemwatcher,
title = {Trieda použitá na detekovanie zmien v systéme :
\url{http://msdn.microsoft.com/en-us/library/system.io.filesystemwatcher.aspx}
},
author = {Microsoft},
year = {2013},
month = {November},
}

@online{diffalgorithm,
title = {Algoritmus použitý na diferenciu súborov : 
\url{http://www.codeproject.com/Articles/6943/A-Generic-Reusable-Diff-Algorithm-in-C-II}
},
author = {Potter, Michael},
year = {2014},
month = {Január},
}

@online{regedit,
title = {Windows Registry informácie : 
\url{http://support.microsoft.com/kb/310516}
},
author = {Microsoft},
year = {2014},
month = {Január},
}

@online{regevents,
title = {Možný spôsob odchytenia události na registroch : 
\url{http://www.emoticode.net/c-sharp/registrymonitor-monitor-the-system-registry-for-changes.html}
},
author = {networkworld},
year = {2014},
month = {Január},
}

@online{installservice,
title = {Inštalácia služby do systému : 
\url{http://stackoverflow.com/questions/1195478/how-to-make-a-net-windows-service-start-right-after-the-installation/1195621#1195621}
},
author = {Davis, Matt},
year = {2009},
month = {Júl},
}
